<?xml version="1.0" encoding="UTF-8" ?>
<record Numero="13913281" format="InterXMarc_Complet" type="Authority">
<leader>00619c0 au22000272  45  <Pos Code="0004">00619</Pos>
<Pos Code="05" Sens="notice modifiée">c</Pos>
<Pos Code="06" Sens="notice validée par les services d&apos;autorité">0</Pos>
<Pos Code="08" Sens="notice d&apos;autorité">a</Pos>
<Pos Code="09" Sens="titre uniforme musical (TUM)">u</Pos>
<Pos Code="10">2</Pos>
<Pos Code="11">2</Pos>
<Pos Code="1216">00027</Pos>
<Pos Code="17" Sens="autres cas">2</Pos>
<Pos Code="20">4</Pos>
<Pos Code="21">5</Pos>
</leader>
<controlfield tag="001">FRBNF139132818<Pos Code="0001">FR</Pos>
<Pos Code="0204">BNF</Pos>
<Pos Code="0512">13913281</Pos>
<Pos Code="13">8</Pos>
</controlfield>
<controlfield tag="008">890821131016yy    sy        1794                             1   <Pos Code="0001">89</Pos>
<Pos Code="0203">08</Pos>
<Pos Code="0405">21</Pos>
<Pos Code="0607">13</Pos>
<Pos Code="0809">10</Pos>
<Pos Code="1011">16</Pos>
<Pos Code="1213" Sens="ne s&apos;applique pas">yy</Pos>
<Pos Code="1820" Sens="symphonie [symphonie périodique => symphonie]">sy </Pos>
<Pos Code="2831">1794</Pos>
<Pos Code="61" Sens="La vedette peut être liée à une notice bibliographique sauf pour l&apos;accès matière RAMEAU">1</Pos>
</controlfield>
<datafield tag="048" ind1=" " ind2=" ">
	<subfield code="a">oa01<Pos Code="0001" Sens="orchestre - orchestre symphonique XIXe-XXe s.">oa</Pos>
<Pos Code="02">0</Pos>
<Pos Code="03">1</Pos>
</subfield>
</datafield>
<datafield tag="100" ind1=" " ind2=" ">
	<subfield code="3">13895053</subfield>
	<subfield code="w"> 0  b     </subfield>
	<subfield code="a">Haydn</subfield>
	<subfield code="m">Joseph</subfield>
	<subfield code="d">1732-1809</subfield>
</datafield>
<datafield tag="144" ind1="1" ind2=" ">
	<subfield code="w">....b.fre.</subfield>
	<subfield code="a">Symphonies</subfield>
	<subfield code="k">Hob I 100</subfield>
	<subfield code="t">Sol majeur</subfield>
</datafield>
<datafield tag="444" ind1="1" ind2=" ">
	<subfield code="w">....b.fre.</subfield>
	<subfield code="a">Symphonies</subfield>
	<subfield code="n">No 100</subfield>
	<subfield code="t">Sol majeur</subfield>
</datafield>
<datafield tag="444" ind1="1" ind2=" ">
	<subfield code="w">....b.fre.</subfield>
	<subfield code="a">Militärsymphonie</subfield>
	<subfield code="k">Hob I 100</subfield>
</datafield>
<datafield tag="444" ind1="1" ind2=" ">
	<subfield code="w">....b.fre.</subfield>
	<subfield code="a">Symphonie militaire</subfield>
	<subfield code="k">Hob I 100</subfield>
</datafield>
<datafield tag="502" ind1=" " ind2=" ">
	<subfield code="3">13986154</subfield>
	<subfield code="a">Haydn</subfield>
	<subfield code="m">Joseph</subfield>
	<subfield code="d">1732-1809</subfield>
	<subfield code="t">[Symphonies. Hob I 93-104]</subfield>
</datafield>
<datafield tag="600" ind1=" " ind2=" ">
	<subfield code="a">Date de composition : 1794</subfield>
</datafield>
<datafield tag="610" ind1=" " ind2=" ">
	<subfield code="a">Hoboken, Haydn</subfield>
</datafield>
<datafield tag="917" ind1=" " ind2=" ">
	<subfield code="o">OPC</subfield>
	<subfield code="a">100423920</subfield>
</datafield>
<datafield tag="917" ind1=" " ind2=" ">
	<subfield code="o">OPD</subfield>
	<subfield code="a">100750160</subfield>
	<subfield code="b">ATUM</subfield>
</datafield>
<datafield tag="996" ind1=" " ind2=" ">
	<subfield code="o">OPP</subfield>
	<subfield code="a">14845327</subfield>
	<subfield code="d">20070731</subfield>
</datafield>
<datafield tag="996" ind1=" " ind2=" ">
	<subfield code="o">OPP</subfield>
	<subfield code="a">16305812</subfield>
	<subfield code="d">20131016</subfield>
</datafield>
<Alter Ori="13895053">
<datafield tag="400" ind1=" " ind2=" ">
	<subfield code="w">    b     </subfield>
	<subfield code="a">Haydn</subfield>
	<subfield code="m">Franz Joseph</subfield>
	<subfield code="d">1732-1809</subfield>
</datafield>
</Alter>
<Attr Nom="IDPerenne">ark:/12148/cb13913281f</Attr>
<Attr Nom="NumSource">OPC 100423920</Attr>
<Attr Nom="Source" Sens="BnF catalogue général (depuis 1999)">A</Attr>
<Attr Nom="NumAutoriteLiee">1389505313986154</Attr>
<Attr Nom="DateCreation">21/08/ 1989</Attr>
<Attr Nom="ResponsableCreation">MIGV2</Attr>
<Attr Nom="StructCreation">1</Attr>
<Attr Nom="DateDerniereValidation">16/10/ 2013</Attr>
<Attr Nom="ResponsableDerniereValidation">SERRES CATHERINE</Attr>
<Attr Nom="StructPremiereValidation">1</Attr>
<Attr Nom="DatePremiereValidation">21/08/ 1989</Attr>
<Attr Nom="ResponsablePremiereValidation">MIGV2</Attr>
<Attr Nom="StructDerniereValidation">82</Attr>
<Attr Nom="NumSource" Rep="1">OPD 100750160</Attr>
<Attr Nom="NumSource" Rep="2">OPP 14845327</Attr>
<Attr Nom="NumSource" Rep="3">OPP 16305812</Attr>
</record>
